{
  "leader": "03044cam a2200601Ii 4500",
  "fields": [
    {
      "001": "ocm00486247\\"
    },
    {
      "003": "OCoLC"
    },
    {
      "005": "20230104151414.0"
    },
    {
      "008": "721103s1948\\\\\\\\enkb\\\\\\\\\\b\\\\\\\\001\\0\\eng\\d"
    },
    {
      "010": {
        "ind1": "\\",
        "ind2": "\\",
        "subfields": [
          {
            "a": "   48006353 "
          }
        ]
      }
    },
    {
      "040": {
        "ind1": "\\",
        "ind2": "\\",
        "subfields": [
          {
            "a": "WSU"
          },
          {
            "b": "eng"
          },
          {
            "c": "WSU"
          },
          {
            "d": "OCL"
          },
          {
            "d": "OCLCQ"
          },
          {
            "d": "OCLCG"
          },
          {
            "d": "MTG"
          },
          {
            "d": "QE2"
          },
          {
            "d": "OCLCA"
          },
          {
            "d": "OCLCQ"
          },
          {
            "d": "DEBBG"
          },
          {
            "d": "TULIB"
          },
          {
            "d": "OCLCQ"
          },
          {
            "d": "EMI"
          },
          {
            "d": "GBVCP"
          },
          {
            "d": "UKMGB"
          },
          {
            "d": "OCLCF"
          },
          {
            "d": "OCLCQ"
          },
          {
            "d": "OCL"
          },
          {
            "d": "OCLCO"
          },
          {
            "d": "GZN"
          },
          {
            "d": "OCLCA"
          },
          {
            "d": "LUE"
          },
          {
            "d": "OCLCA"
          },
          {
            "d": "AU@"
          },
          {
            "d": "UAB"
          },
          {
            "d": "MTU"
          },
          {
            "d": "CEF"
          },
          {
            "d": "YOU"
          },
          {
            "d": "OCLCQ"
          },
          {
            "d": "TFF"
          },
          {
            "d": "OCLCQ"
          },
          {
            "d": "TYC"
          },
          {
            "d": "OCLCQ"
          },
          {
            "d": "IL4J6"
          },
          {
            "d": "OCLCQ"
          },
          {
            "d": "OCLCO"
          }
        ]
      }
    },
    {
      "016": {
        "ind1": "7",
        "ind2": "\\",
        "subfields": [
          {
            "a": "003904911"
          },
          {
            "2": "Uk"
          }
        ]
      }
    },
    {
      "019": {
        "ind1": "\\",
        "ind2": "\\",
        "subfields": [
          {
            "a": "1043578405"
          },
          {
            "a": "1058310349"
          },
          {
            "a": "1059810641"
          },
          {
            "a": "1060793978"
          },
          {
            "a": "1064926954"
          },
          {
            "a": "1066120635"
          },
          {
            "a": "1073034940"
          }
        ]
      }
    },
    {
      "020": {
        "ind1": "\\",
        "ind2": "\\",
        "subfields": [
          {
            "a": "9780674600492"
          }
        ]
      }
    },
    {
      "020": {
        "ind1": "\\",
        "ind2": "\\",
        "subfields": [
          {
            "a": "0674600495"
          }
        ]
      }
    },
    {
      "024": {
        "ind1": "7",
        "ind2": "\\",
        "subfields": [
          {
            "a": "10.4159/harvard.9780674600492"
          },
          {
            "2": "doi"
          }
        ]
      }
    },
    {
      "035": {
        "ind1": "\\",
        "ind2": "\\",
        "subfields": [
          {
            "a": "(OCoLC)486247"
          },
          {
            "z": "(OCoLC)1043578405"
          },
          {
            "z": "(OCoLC)1058310349"
          },
          {
            "z": "(OCoLC)1059810641"
          },
          {
            "z": "(OCoLC)1060793978"
          },
          {
            "z": "(OCoLC)1064926954"
          },
          {
            "z": "(OCoLC)1066120635"
          },
          {
            "z": "(OCoLC)1073034940"
          }
        ]
      }
    },
    {
      "043": {
        "ind1": "\\",
        "ind2": "\\",
        "subfields": [
          {
            "a": "s-bo---"
          },
          {
            "a": "s-pe---"
          },
          {
            "a": "s-ec---"
          },
          {
            "a": "s-ck---"
          },
          {
            "a": "s-ve---"
          },
          {
            "a": "n-us---"
          },
          {
            "a": "s------"
          }
        ]
      }
    },
    {
      "050": {
        "ind1": "\\",
        "ind2": "4",
        "subfields": [
          {
            "a": "F2216"
          },
          {
            "b": ".W45 1948"
          }
        ]
      }
    },
    {
      "082": {
        "ind1": "0",
        "ind2": "4",
        "subfields": [
          {
            "a": "980"
          },
          {
            "b": "WHI"
          }
        ]
      }
    },
    {
      "100": {
        "ind1": "1",
        "ind2": "\\",
        "subfields": [
          {
            "a": "Whitaker, Arthur Preston,"
          },
          {
            "d": "1895-1979."
          }
        ]
      }
    },
    {
      "245": {
        "ind1": "1",
        "ind2": "4",
        "subfields": [
          {
            "a": "The United States and South America :"
          },
          {
            "b": "the northern republics /"
          },
          {
            "c": "Arthur Preston Whitaker."
          }
        ]
      }
    },
    {
      "260": {
        "ind1": "\\",
        "ind2": "\\",
        "subfields": [
          {
            "a": "Cambridge :"
          },
          {
            "b": "Harvard University Press,"
          },
          {
            "c": "1948."
          }
        ]
      }
    },
    {
      "300": {
        "ind1": "\\",
        "ind2": "\\",
        "subfields": [
          {
            "a": "280 pages :"
          },
          {
            "b": "maps ;"
          },
          {
            "c": "20 cm."
          }
        ]
      }
    },
    {
      "336": {
        "ind1": "\\",
        "ind2": "\\",
        "subfields": [
          {
            "a": "text"
          },
          {
            "b": "txt"
          },
          {
            "2": "rdacontent"
          }
        ]
      }
    },
    {
      "337": {
        "ind1": "\\",
        "ind2": "\\",
        "subfields": [
          {
            "a": "unmediated"
          },
          {
            "b": "n"
          },
          {
            "2": "rdamedia"
          }
        ]
      }
    },
    {
      "338": {
        "ind1": "\\",
        "ind2": "\\",
        "subfields": [
          {
            "a": "volume"
          },
          {
            "b": "nc"
          },
          {
            "2": "rdacarrier"
          }
        ]
      }
    },
    {
      "340": {
        "ind1": "\\",
        "ind2": "\\",
        "subfields": [
          {
            "m": "8vo."
          },
          {
            "2": "rdabf"
          }
        ]
      }
    },
    {
      "490": {
        "ind1": "1",
        "ind2": "\\",
        "subfields": [
          {
            "a": "The American foreign policy library"
          }
        ]
      }
    },
    {
      "530": {
        "ind1": "\\",
        "ind2": "\\",
        "subfields": [
          {
            "a": "Also issued online."
          }
        ]
      }
    },
    {
      "504": {
        "ind1": "\\",
        "ind2": "\\",
        "subfields": [
          {
            "a": "Includes bibliographical references and index."
          }
        ]
      }
    },
    {
      "505": {
        "ind1": "0",
        "ind2": "0",
        "subfields": [
          {
            "t": "Frontmatter --"
          },
          {
            "t": "Contents --"
          },
          {
            "t": "Introduction --"
          },
          {
            "t": "Preface --"
          },
          {
            "t": "The \"Bolivarian\" Countries --"
          },
          {
            "t": "Bolivia: Tin --"
          },
          {
            "t": "Peru: One Country, Two Cultures --"
          },
          {
            "t": "Ecuador: A Tale of Two Cities --"
          },
          {
            "t": "Colombia: A Nation of City States --"
          },
          {
            "t": "Venezuela: Oil --"
          },
          {
            "t": "Political Patterns and Leaders --"
          },
          {
            "t": "Economic Developments --"
          },
          {
            "t": "International Relations --"
          },
          {
            "t": "Relations with the United States to 1939: Historical Highlights --"
          },
          {
            "t": "Problems of Today and Tomorrow --"
          },
          {
            "t": "Appendix --"
          },
          {
            "t": "Index."
          }
        ]
      }
    },
    {
      "546": {
        "ind1": "\\",
        "ind2": "\\",
        "subfields": [
          {
            "a": "In English."
          }
        ]
      }
    },
    {
      "651": {
        "ind1": "\\",
        "ind2": "0",
        "subfields": [
          {
            "a": "Bolivia."
          }
        ]
      }
    },
    {
      "651": {
        "ind1": "\\",
        "ind2": "0",
        "subfields": [
          {
            "a": "Peru."
          }
        ]
      }
    },
    {
      "651": {
        "ind1": "\\",
        "ind2": "0",
        "subfields": [
          {
            "a": "Ecuador."
          }
        ]
      }
    },
    {
      "651": {
        "ind1": "\\",
        "ind2": "0",
        "subfields": [
          {
            "a": "Colombia."
          }
        ]
      }
    },
    {
      "651": {
        "ind1": "\\",
        "ind2": "0",
        "subfields": [
          {
            "a": "Venezuela."
          }
        ]
      }
    },
    {
      "651": {
        "ind1": "\\",
        "ind2": "0",
        "subfields": [
          {
            "a": "United States"
          },
          {
            "x": "Foreign relations"
          },
          {
            "z": "South America."
          }
        ]
      }
    },
    {
      "651": {
        "ind1": "\\",
        "ind2": "0",
        "subfields": [
          {
            "a": "South America"
          },
          {
            "x": "Foreign relations"
          },
          {
            "z": "United States."
          }
        ]
      }
    },
    {
      "650": {
        "ind1": "\\",
        "ind2": "7",
        "subfields": [
          {
            "a": "Diplomatic relations."
          },
          {
            "2": "fast"
          },
          {
            "0": "(OCoLC)fst01907412"
          }
        ]
      }
    },
    {
      "651": {
        "ind1": "\\",
        "ind2": "7",
        "subfields": [
          {
            "a": "Bolivia."
          },
          {
            "2": "fast"
          },
          {
            "0": "(OCoLC)fst01205549"
          }
        ]
      }
    },
    {
      "651": {
        "ind1": "\\",
        "ind2": "7",
        "subfields": [
          {
            "a": "Colombia."
          },
          {
            "2": "fast"
          },
          {
            "0": "(OCoLC)fst01205916"
          }
        ]
      }
    },
    {
      "651": {
        "ind1": "\\",
        "ind2": "7",
        "subfields": [
          {
            "a": "Ecuador."
          },
          {
            "2": "fast"
          },
          {
            "0": "(OCoLC)fst01205578"
          }
        ]
      }
    },
    {
      "651": {
        "ind1": "\\",
        "ind2": "7",
        "subfields": [
          {
            "a": "Peru."
          },
          {
            "2": "fast"
          },
          {
            "0": "(OCoLC)fst01205190"
          }
        ]
      }
    },
    {
      "651": {
        "ind1": "\\",
        "ind2": "7",
        "subfields": [
          {
            "a": "South America."
          },
          {
            "2": "fast"
          },
          {
            "0": "(OCoLC)fst01244515"
          }
        ]
      }
    },
    {
      "651": {
        "ind1": "\\",
        "ind2": "7",
        "subfields": [
          {
            "a": "United States."
          },
          {
            "2": "fast"
          },
          {
            "0": "(OCoLC)fst01204155"
          }
        ]
      }
    },
    {
      "651": {
        "ind1": "\\",
        "ind2": "7",
        "subfields": [
          {
            "a": "Venezuela."
          },
          {
            "2": "fast"
          },
          {
            "0": "(OCoLC)fst01204166"
          }
        ]
      }
    },
    {
      "776": {
        "ind1": "0",
        "ind2": "8",
        "subfields": [
          {
            "i": "Online version:"
          },
          {
            "a": "Whitaker, Arthur Preston, 1895-"
          },
          {
            "t": "United States and South America, the northern republics."
          },
          {
            "d": "Cambridge : Harvard University Press, 1948"
          },
          {
            "w": "(OCoLC)558446027"
          }
        ]
      }
    },
    {
      "830": {
        "ind1": "\\",
        "ind2": "0",
        "subfields": [
          {
            "a": "American foreign policy library."
          }
        ]
      }
    },
    {
      "994": {
        "ind1": "\\",
        "ind2": "\\",
        "subfields": [
          {
            "a": "Z0"
          },
          {
            "b": "NYRVC"
          }
        ]
      }
    },
    {
      "948": {
        "ind1": "\\",
        "ind2": "\\",
        "subfields": [
          {
            "h": "NO HOLDINGS IN NYRVC - 725 OTHER HOLDINGS"
          }
        ]
      }
    },
    {
      "999": {
        "ind1": "\\",
        "ind2": "\\",
        "subfields": [
          {
            "a": "00000000017800"
          }
        ]
      }
    }
  ]
}